@INPROCEEDINGS{zou2006prefixtreeespan,
  author = {Lei Zou and Yansheng Lu and Huaming Zhang and Rong Hu},
  title = {PrefixTreeESpan: A Pattern Growth Algorithm for Mining Embedded Subtrees},
  booktitle = {Proceedings of the 7th international conference on Web Information
        Systems},
  year = {2006},
  series = {WISE'06},
  pages = {499-505},
  address = {Wuhan, China},
  publisher = {Springer-Verlag},
  owner = {huxuan},
  timestamp = {2012.11.13}
}
